%% This BibTeX bibliography file was created using BibDesk.
%% https://bibdesk.sourceforge.io/

%% Created for Benjamin W. Frazier at 2019-08-22 11:51:42 -0400 


%% Saved with string encoding Unicode (UTF-8) 



@article{fyodorov_statistics,
	Author = {Y. V. Fyodorov and D. V. Savin},
	Date-Added = {2019-08-22 11:50:18 -0400},
	Date-Modified = {2019-08-22 11:51:39 -0400},
	Journal = {JETP Letters},
	Number = {12},
	Pages = {725-729},
	Title = {Statistics of Impedance, Local Density of States, and Reflection in Quantum Chaotic Systems with Absorption},
	Volume = {80},
	Year = {2004}}

@book{nathanson_radar,
	Author = {Fred E. Nathanson},
	Date-Added = {2019-08-20 08:49:25 -0400},
	Date-Modified = {2019-08-20 08:50:19 -0400},
	Publisher = {SciTech Publishing Inc},
	Title = {Radar Design Principles, Signal Processing and the Environment},
	Year = {1999}}

@book{blake_radar,
	Author = {Lamont V. Blake},
	Date-Added = {2019-08-20 08:48:47 -0400},
	Date-Modified = {2019-08-20 08:49:24 -0400},
	Publisher = {Artech House Inc},
	Title = {Radar Range-Performance Analysis},
	Year = {1986}}

@article{ward_compound,
	Author = {K. D. Ward},
	Date-Added = {2019-08-20 08:44:21 -0400},
	Date-Modified = {2019-08-20 08:45:41 -0400},
	Journal = {Electronics Letters},
	Number = {16},
	Pages = {561-563},
	Title = {Compound Representation of High Resolution Sea Clutter},
	Volume = {17},
	Year = {1981}}

@article{crisp_xband,
	Author = {D. J. Crisp and L. Rosenberg and N. J. Stacy and Y. Dong},
	Date-Added = {2019-07-31 08:03:10 -0400},
	Date-Modified = {2019-07-31 08:06:47 -0400},
	Journal = {2009 International Radar Conference "Surveillance for a Safer World" (RADAR 2009)},
	Pages = {1-6},
	Title = {Modelling X-band sea clutter with the K-distribution: Shape parameter variation},
	Year = {2009}}

@article{jakeman_statistics,
	Author = {E. Jakeman},
	Date-Added = {2019-07-30 13:57:25 -0400},
	Date-Modified = {2019-07-31 08:12:30 -0400},
	Journal = {Journal of Physics A: Mathematical and General},
	Number = {1},
	Pages = {31-48},
	Publisher = {E. Jakeman},
	Title = {On the statistics of K-distributed noise},
	Volume = {13},
	Year = {1979}}

@book{hill_cavities,
	Author = {David A. Hill},
	Date-Added = {2019-07-30 12:09:29 -0400},
	Date-Modified = {2019-07-30 12:10:17 -0400},
	Publisher = {Wiley-IEEE Press},
	Title = {Electromagnetic Fields in Cavities Deterministic and Statistical Theories},
	Year = {2009}}

@book{ward_sea_clutter,
	Author = {Keith Ward and Robert Tough and Simon Watts},
	Date-Added = {2019-07-30 10:31:10 -0400},
	Date-Modified = {2019-07-30 10:32:28 -0400},
	Edition = {2nd},
	Publisher = {Institution of Engineering and Technology},
	Title = {Sea Clutter: Scattering, the K Distribution and Radar Performance},
	Year = {2013}}

@article{jakeman_model_non_rayleigh,
	Author = {E. Jakeman and P. N. Pusey},
	Date-Added = {2019-07-30 10:29:28 -0400},
	Date-Modified = {2019-07-30 10:30:26 -0400},
	Journal = {IEEE Transactions on Antennnas and Propagation},
	Number = {6},
	Pages = {806-814},
	Title = {A Model for Non-Rayleigh Sea Echo},
	Volume = {AP-24},
	Year = {1976}}

@article{jakeman_generalized,
	Author = {E. Jakeman and R. J. A. Tough},
	Date-Added = {2019-07-30 10:28:24 -0400},
	Date-Modified = {2019-07-30 10:29:27 -0400},
	Journal = {Journal of the Optical Society of America A},
	Number = {9},
	Pages = {1764-1772},
	Title = {Generalized K Distribution: a statistical model for weak scattering},
	Volume = {4},
	Year = {1987}}

@article{jakeman_significance,
	Author = {E. Jakeman and P. N. Pusey},
	Date-Added = {2019-07-30 10:27:10 -0400},
	Date-Modified = {2019-07-30 10:28:15 -0400},
	Journal = {Physical Review Letters},
	Number = {9},
	Pages = {546-550},
	Title = {Signficance of K Distributions in Scattering Experiments},
	Volume = {40},
	Year = {1978}}

@article{zheng_multiple,
	Author = {Xing Zheng and Thomas M. Antonsen and Edward Ott},
	Date-Added = {2018-06-18 19:27:31 +0000},
	Date-Modified = {2018-09-17 13:20:56 -0400},
	Journal = {Electromagnetics},
	Number = {3},
	Pages = {37-55},
	Title = {Statistics of Impedance and Scattering Matrices of Chaotic Microwave Cavities with Multiple Ports},
	Volume = {26},
	Year = {2006}}

@article{zheng_single,
	Author = {Xing Zheng and Thomas M. Antonsen and Edward Ott},
	Date-Added = {2018-06-18 19:25:59 +0000},
	Date-Modified = {2018-06-18 19:28:19 +0000},
	Journal = {Electromagnetics},
	Number = {3},
	Pages = {3-35},
	Title = {Statistics of Impedance and Scattering Matrices in Chaotic Microwave Cavities: Single Channel Case},
	Volume = {26},
	Year = {2006}}

@article{yeh_universal,
	Author = {Jen-Hao Yeh and James A. Hart and Elliott Bradshaw and Thomas M. Antonsen and Edward Ott and Steven M. Anlage},
	Date-Added = {2018-06-18 19:21:50 +0000},
	Date-Modified = {2018-06-18 19:33:23 +0000},
	Journal = {Physical Review E},
	Number = {025201(R)},
	Pages = {025201-1: 025201-4},
	Title = {Universal and nonuniversal properties of wave-chaotic scattering systems},
	Volume = {81},
	Year = {2010}}

@article{gregers-hansen_clutter,
	Author = {Vilhelm Gregers-Hansen and Rashmi Mital},
	Date-Added = {2018-06-18 17:08:25 +0000},
	Date-Modified = {2018-06-18 17:09:41 +0000},
	Journal = {IEEE Transactions on Aerospace and Electronic Systems},
	Month = {October},
	Number = {4},
	Pages = {3512-3524},
	Title = {An Improved Empirical Model for RADAR Sea Clutter Reflectivity},
	Volume = {48},
	Year = {2012}}

@article{hart_so,
	Author = {J. A. Hart and T. M. Antonsen and E. Ott},
	Date-Added = {2018-06-18 14:58:35 +0000},
	Date-Modified = {2018-06-18 19:34:21 +0000},
	Journal = {Physical Review E},
	Number = {041109},
	Pages = {041109-1:041109-15},
	Title = {Effect of short ray trajectories on the scattering statistics of wave chaotic systems},
	Volume = {80},
	Year = {2009}}

@article{bohigas,
	Author = {O. Bohigas and M. J. Giannoni and C. Schmit},
	Date-Added = {2018-06-18 14:54:58 +0000},
	Date-Modified = {2018-06-18 14:56:05 +0000},
	Journal = {Physical Review Letters},
	Month = {January},
	Number = {1},
	Pages = {1-4},
	Title = {Characterization of Chaotic Quantum Spectra and Universality of Level Fluctuation Laws},
	Volume = {52},
	Year = {1984}}

@book{ott_chaos,
	Author = {Edward Ott},
	Date-Added = {2018-06-18 12:19:46 +0000},
	Date-Modified = {2018-06-18 12:20:24 +0000},
	Edition = {2nd},
	Publisher = {Cambridge University Press},
	Title = {Chaos in Dynamical Systems},
	Year = {2002}}

@article{yeh_fading,
	Author = {J. H. Yeh and E. Ott and T. M. Antonsen and S. M. Anlage},
	Date-Added = {2018-06-15 13:28:41 +0000},
	Date-Modified = {2018-06-15 13:30:03 +0000},
	Journal = {Proceedings of the 5th Workshop on Quantum Chaos and Localisation Phenomena},
	Number = {6-A},
	Pages = {A-85:A-88},
	Title = {Fading Statistics in Communications - A Random Matrix Approach},
	Volume = {120},
	Year = {2011}}

@article{yeh_first_principles,
	Author = {Jen-Hao Yeh and Thomas M Antonsen and Edward Ott and Steven M Anlage},
	Date-Added = {2018-06-15 13:25:34 +0000},
	Date-Modified = {2018-06-15 13:31:01 +0000},
	Journal = {Physical Review},
	Number = {015202R},
	Pages = {015202-1:015202-4},
	Title = {First-principles model of time-dependent variations in transmission through a fluctuating scattering environment},
	Volume = {85},
	Year = {2012}}

@article{miller_reflection,
	Author = {A. Miller and R. Brown and E. Vegh},
	Date-Added = {2017-11-28 20:27:41 +0000},
	Date-Modified = {2017-11-28 20:28:54 +0000},
	Journal = {IEE Proceedings, Part H. Microwaves, Optics, and Antennas},
	Number = {2},
	Pages = {114-116},
	Title = {New Derivation for the Rough-Surface Reflection Coefficient and for the Distribution of Sea-Wave Elevations},
	Volume = {131},
	Year = {1984}}

@misc{wmo_code,
	Author = {World Ocean Circulation Experiment},
	Date-Added = {2017-11-12 17:29:49 +0000},
	Date-Modified = {2017-11-12 17:30:23 +0000},
	Howpublished = {Online},
	Month = {June},
	Title = {World Meterological Organization Code Table 3700: Sea State},
	Year = {2002}}

@techreport{uk_met_fact_sheet6,
	Date-Added = {2017-11-12 16:49:48 +0000},
	Date-Modified = {2017-11-12 16:50:31 +0000},
	Institution = {UK National Meterological Library and Archive},
	Title = {Fact Sheet 6 - The Beaufort Scale},
	Year = {2010}}

@article{elfouhaily,
	Author = {T. Elfouhaily and B. Chapron and K. Katsaros},
	Date-Added = {2017-11-12 16:48:27 +0000},
	Date-Modified = {2017-11-12 16:49:09 +0000},
	Journal = {Journal of Geophysical Research},
	Month = {July},
	Number = {C7},
	Pages = {781-796},
	Title = {A Unified Directional Spectrum for Long and Short Wind-Driven Waves},
	Volume = {102},
	Year = {1997}}
